@article{bazant_crack_1984,
	title = {Crack Shear in Concrete: Crack Band Microflane Model},
	volume = {110},
	issn = {0733-9445, 1943-541X},
	language = {en},
	number = {9},
	journal = {Journal of Structural Engineering},
	author = {Ba{\v z}ant, Z. P. and Gambarova, P. G.},
	month = sep,
	year = {1984},
	pages = {2015--2035},
}

@article{bazant_efficient_1986,
	title = {Efficient {Numerical} {Integration} on the {Surface} of a {Sphere}},
	volume = {66},
	copyright = {Copyright © 1986 WILEY-VCH Verlag GmbH \& Co. KGaA, Weinheim},
	issn = {1521-4001},
	language = {en},
	number = {1},
	journal = {ZAMM - Journal of Applied Mathematics and Mechanics / Zeitschrift f{\"u}r Angewandte Mathematik und Mechanik},
	author = {Ba{\v z}ant, Z. P. and Oh, B. H.},
	month = jan,
	year = {1986},
	pages = {37--49},
}

@article{bazant_microplane_1985,
	title = {Microplane Model for Progressive Fracture of Concrete and Rock},
	volume = {111},
	issn = {0733-9399, 1943-7889},
	language = {en},
	number = {4},
	journal = {Journal of Engineering Mechanics},
	author = {Ba{\v z}ant, Z. P. and Oh, B. H.},
	month = apr,
	year = {1985},
	pages = {559--582}
}

@article{bazant_microplane_1988,
	title = {Microplane Model for Brittle-Plastic Material. {I}: {Theory}},
	author = {Ba{\v z}ant, Z. P. and Prat, P. C.},
	volume = {114},
	issn = {0733-9399},
	number = {10},
	journal = {Journal of Engineering Mechanics},
	year = {1988},
	pages = {1672--1688},
}

@article{bazant_microplane_2000,
	title = {Microplane Model {M}4 for Concrete. {I}: {Formulation} with Work-Conjugate Deviatoric Stress},
	volume = {126},
	issn = {0733-9399},
	number = {9},
	journal = {Journal of Engineering Mechanics},
	author = {Ba{\v z}ant, Z. P. and Caner, F. C.},
	year = {2000},
}

@article{caner_microplane_2000,
	title = {Microplane Model {M}4 for Concrete. {II}: {Algorithm} and Calibration},
	volume = {126},
	issn = {0733-9399, 1943-7889},
	shorttitle = {Microplane {Model} {M} 4 for {Concrete}. {II}},
	language = {en},
	number = {9},
	journal = {Journal of Engineering Mechanics},
	author = {Caner, F. C. and Ba{\v z}ant, Z. P.},
	month = sep,
	year = {2000},
	pages = {954--961}
}

@article{bazant_microplane_2005,
	title = {Microplane Model {M}5 with Kinematic and Static Constraints for Concrete Fracture and Anelasticity. {I}: {Theory}},
	volume = {131},
	issn = {0733-9399, 1943-7889},
	language = {en},
	number = {1},
	urldate = {2015-05-05},
	journal = {Journal of Engineering Mechanics},
	author = {Ba{\v z}ant, Z. P. and Caner, F. C.},
	month = jan,
	year = {2005},
	pages = {31--40}
}

@article{carol_damage_1997,
	title = {Damage and plasticity in microplane theory},
	volume = {34},
	issn = {0020-7683},
	number = {29},
	journal = {International Journal of Solids and Structures},
	author = {Carol, I. and Ba{\v z}ant, Z. P.},
	year = {1997},
	pages = {3807 -- 3835}
}

@article{bazant_modulus_1995,
	title = {Modulus of rupture: size effect due to fracture initiation in boundary layer},
	volume = {121},
	language = {en},
	number = {4},
	journal = {Journal of Structural Engineering},
	author = {Ba{\v z}ant, Z. P. and Li, Z.},
	month = apr,
	year = {1995},
	pages = {739--746},
}

@article{bazant_crack_1983,
	title = {Crack band theory for fracture of concrete},
	volume = {16},
	issn = {0025-5432, 1871-6873},
	language = {en},
	number = {3},
	journal = {Mat{\'e}riaux et Construction},
	author = {Ba{\v z}ant, Z. P. and Oh, B. H.},
	month = may,
	year = {1983},
	pages = {155--177},
}

@article{scholzen_thin-walled_2014_1,
	title = {Thin-walled shell structure made of {Textile} {Reinforced} {Concrete}; {Part} {I}: structural design and construction},
	issn = {1751-7648},
	volume = {16},
	shorttitle = {Thin-walled shell structure made of {Textile} {Reinforced} {Concrete}; {Part} {I}},
	journal = {Structural Concrete},
	author = {Scholzen, A. and Chudoba, R. and Hegger, J.},
	year = {2015},
	pages = {106--114}
}


@article{scholzen_thin-walled_2014_2,
	title = {Thin-walled shell structure made of {Textile} {Reinforced} {Concrete}; {Part} {II}: experimental characterization, ultimate limit state assessment and numerical simulation},
	issn = {1751-7648},
	volume = {16},
	shorttitle = {Thin-walled shell structure made of {Textile} {Reinforced} {Concrete}; {Part} {II}},
	journal = {Structural Concrete},
	author = {Scholzen, A. and Chudoba, R. and Hegger, J.},
	year = {2015},
	pages = {115--124}
}

@incollection{hegger_pedestrian_2010,
	author = {Hegger, J. and Goralski, C. and Kulas, C.},
	title = {A slender pedestrian bridge made of {Textile} {Reinforced} {Concrete}},
	booktitle = {IABSE Symposium Report {(IABSE-2010)}},
	publisher = {International Association for Bridge and Structural Engineering, Venice, Italy},
	month = sep,
	year = {2010},
	pages = {48--55}
}

%, Aachen, Germany}
@incollection{scholzen_ultimate_2015,
	author = {Scholzen, A. and Chudoba, R. and Hegger, J.},
	title = {Ultimate limit state assessment of {TRC} structures with combined normal and bending loading},
	editor = {Brameshuber, W.},
	booktitle = {11th International Symposium on Ferrocement {(FERRO-11)} and 3rd International Conference on {Textile} {Reinforced} {Concrete} {(ICTRC-3)}},
	publisher = {RILEM Publications S.A.R.L.},
	month = jun,
	year = {2015},
	pages = {159--166},
}

@incollection{cervenka_mesh_1996,
	author = {{\v C}ervenka, V. and Pukl, R. and O{\v z}bolt, J. and Eligehausen, R.},
	title = {Mesh Sensitivity Effects in Smeared Finite Element Analysis of Concrete Fracture},
	editor = {Folker, H. Wittmann},
	booktitle = {Proceedings of Fracture mechanics of concrete structures (FRAMCOS-2)},
	publisher = {AEDIFICATIO Publishers},
	month = jul,
	year = {1996},
	pages = {1387--1396}
}

@article{shams_experimental_2014,
	title = {Experimental investigations on {Textile}-{Reinforced} {Concrete} ({TRC}) sandwich sections},
	volume = {118},
	issn = {0263-8223},
	journal = {Composite Structures},
	author = {Shams, A. and Horstmann, M. and Hegger, J.},
	month = dec,
	year = {2014},
	keywords = {Polymeric rigid foam, Sandwich panel, Sandwich section, Shear grid, Textile-Reinforced Concrete, TM-connector},
	pages = {643--653},
}

@article{shams_innovative_2015,
	title = {Innovative sandwich structures made of high performance concrete and foamed polyurethane},
	volume = {121},
	issn = {0263-8223},
	journal = {Composite Structures},
	author = {Shams, A. and Stark, A. and Hoogen, F. and Hegger, J. and Schneider, H.},
	month = mar,
	year = {2015},
	keywords = {Experimental testing, Foamed polyurethane, Production methods, Sandwich construction, TRC, UHPC},
	pages = {271--279},
}

@article{hegger_spatial_2012,
	title = {Spatial Textile Reinforcement Structures for Ventilated and Sandwich Facade Elements},
	volume = {15},
	issn = {1369-4332},
	number = {4},
	journal = {Advances in Structural Engineering},
	author = {Hegger, J. and Kulas, C. and Horstmann, M.},
	month = apr,
	year = {2012},
	pages = {665--676},
}

@article{ozbolt_microplane_2001,
	title = {Microplane model for concrete with relaxed kinematic constraint},
	volume = {38},
	issn = {0020-7683},
	number = {16},
	journal = {International Journal of Solids and Structures},
	author = {O{\v z}bolt, J. and Li, Y. and Ko{\v z}ar, I.},
	month = apr,
	year = {2001},
	pages = {2683--2711}
}

@article{park_microplane_2003,
	title = {Microplane Model for Reinforced-Concrete Planar Members in Tension-Compression},
	volume = {129},
	issn = {0733-9445},
	number = {3},
	journal = {Journal of Structural Engineering},
	author = {Park, H. and Kim, H.},
	year = {2003},
	pages = {337--345},
}

@article{carol_thermodynamic_2001,
	title = {A thermodynamically consistent approach to microplane theory. Part I. Free energy and consistent microplane stresses},
	volume = {38},
	number = {17},
	journal = {International Journal of Solids and Structures},
	author = {Carol, I. and Jir{\'a}sek, M. and Ba{\v z}ant, Z. P.},
	year = {2001},
	pages = {2921 -- 2931},
	issn = {0020-7683},
}

@article{jirasek_comments_1999,
	title = {Comments on microplane theory},
	journal = {Mechanics of Quasibrittle Materials and Structures, Hermes Science Publications},
	author = {Jir{\'a}sek, M.},
	year = {1999},
	pages = {55--77}
}

@incollection{sharei_anisotropic_2014,
	author = {Sharei, E. and Scholzen, A. and Chudoba, R. and Hegger, J.},
	title = {Anisotropic Damage Model for Numerical Simulation of {Textile} {Reinforced} {Concrete} Shell Structures},
	booktitle = {Twelfth International Conference on Computational Structures Technology {(CST~2014)}},
	editor = {Topping, B.H.V. and Iv{\'a}nyi, P.},
	publisher = {Civil-Comp Press},
	month = sep,
	year = {2014},
}

@incollection{sharei_thinwalled_2016,
	author = {Sharei, E. and Chudoba, R. and Scholzen, A. and Hegger, J.},
	title = {Thin-walled textile reinforced concrete shells:analysis of combined effect of anisotropic strain hardening and imperfect geometry},
	editor = {Kawaguchi, K. and Ohsaki and M., Takeuchi, T.},
	booktitle = {Spatial Structures in the 21st Century – Proceedings of the International Association for Shell and Spatial Structures (IASS) Symposium},
	month = sep,
	year = {2016},
	address = {Tokyo},
}

@incollection{chudoba_structural_2016,
	author = {Chudoba R. and Scholzen A.},
	title = {Textile-reinforced concrete: Structural behavior},
	editor = {Triantafillou T.},
	booktitle = {Textile Fibre Composites in Civil Engineering, 1st Edition},
	publisher = {Woodhead Publishing},
	month = feb,
	year = {2016},
}

@article{chudoba_strain_2016,
	title = {A strain-hardening microplane damage model for thin-walled textile-reinforced concrete shells, calibration procedure, and experimental validation},
	journal = {Composite Structures},
	volume = {152},
	pages = {913--928},
	year = {2016},
	issn = {0263-8223},
	author = {Chudoba, R. and Sharei, E. and Scholzen, A.},
}

@incollection{scholzen_calibration_2012,
	title = {Calibration and validation of a microplane damage model for cement-based composites applied to {Textile} {Reinforced} {Concrete}},
	editor = {Barros, H. and Faria, C. and Ferreira, C.},
	booktitle = {International Conference on Recent Advances in Nonlinear Models - Structural Concrete Applications {(CoRAN~2011)}},
	author = {Scholzen, A. and Chudoba, R. and Hegger, J.},
	publisher = {ECCOMAS Thematic Conference},
	month = nov,
	year = {2011},
	pages = {417--427},
}

@article{jirasek_numerical_2012,
	title = {Numerical aspects of the crack band approach},
	volume = {110-111},
	issn = {0045-7949},
	journal = {Computers and Structures},
	author = {Jir{\'a}sek, M. and Bauer, M.},
	month = nov,
	year = {2012},
	pages = {60--78}
}

@incollection{jirasek_microplane_2001,
	title = {Microplane-based anisotropic damage model},
	publisher = {Swiss federal institute of technology (EPFL)},
	author = {Jir{\'a}sek, M.},
	year = {2001},
	address = {Lausanne},
}

@incollection{Jirasek_nonlocal_2002,
 author = {Jir\'{a}sek, M. and Patz\'{a}k, B.},
 chapter = {Nonlocal Formulations for Softening Materials},
 title = {Computational Structures Technology},
 editor = {Topping, B. H. V. and Bittnar, Z.},
 year = {2002},
 isbn = {1-874672-16-4},
 pages = {123--152},
 numpages = {30},
 acmid = {820249},
 publisher = {Civil-Comp press},
 address = {Edinburgh},
}

@book{jirasek_inelastic_2002,
	title = {Inelastic {Analysis} of {Structures}},
	isbn = {978-0-471-98716-1},
	author = {Jir\'{a}sek, M. and Ba{\v z}ant, Z. P.},
	month = jan,
	year = {2002},
}

@article{oliver_consistent_1989,
	title = {A consistent characteristic length for smeared cracking models},
	volume = {28},
	issn = {1097-0207},
	language = {en},
	number = {2},
	journal = {International Journal for Numerical Methods in Engineering},
	author = {Oliver, J.},
	month = feb,
	year = {1989},
	pages = {461--474},
	}

@book{simo_computational_2000,
	title = {Computational Inelasticity},
	isbn = {9780387975207},
	language = {en},
	publisher = {Springer New York},
	author = {Simo, J. and Hughes, T. J. R.},
	month = aug,
	year = {2000},
}

@article{kuhl_microplane_2000,
	title = {Microplane {M}odelling of {C}ohesive {Frictional} {Materials}},
	volume = {19},
	language = {en},
	journal = {European Journal of Mechanics - A/Solids},
	author = {Kuhl, E. and Ramm, E.},
	month = jan,
	year = {2000},
	pages = {121--143},
}

@article{hughes_finite_1981,
	title = {Finite Elements Based Upon Mindlin Plate Theory With Particular Reference to the Four-Node Bilinear Isoparametric Element},
	volume = {48},
	issn = {0021-8936},
	number = {3},
	journal = {Journal of Applied Mechanics},
	author = {Hughes, T. J. R. and Tezduyar, T. E.},
	month = sep,
	year = {1981},
	pages = {587--596}
}

@incollection{chudoba_modeling_2010,
	author = {Chudoba, R. and Scholzen, A. and Rypl, R. and Hegger, J.},
	title = {Modeling of reinforced cementitious composites using the microplane damage model in combination with the stochastic cracking theory {(EURO-C~2010)}},
	editor = {Bi\'{c}ani\'{c} and de Borst and Mang and Meschke},
	booktitle = {Computational {Modelling} of {Concrete} {Structures}},
	publisher = {CRC Press},
	month = mar,
	year = {2010},
	pages = {101--110},
	isbn = {978-0-415-58479-1},
}


@book{stroud_approximate_1971,
	title = {Approximate calculation of multiple integrals},
	language = {en},
	publisher = {Prentice-Hall},
	author = {Stroud, A. H.},
	year = {1971},
}

% Springer Berlin Heidelberg
@incollection{kuhl_microplane_2001,
	author = {Kuhl, E. and D'Addetta, G. A. and Leukart, M. and Ramm, E.},
	title = {Microplane modelling and particle modelling of cohesive-frictional materials},
	editor = {Vermeer P. A. and Herrmann H. J. and Luding S. and Ehlers W. and Diebels S. and Ramm E.},
	booktitle = {Continuous and Discontinuous Modelling of Cohesive-Frictional Materials},
	publisher = {Springer},
	year = {2001},
	pages = {31--46},
	series = {Lecture Notes in Physics},
	copyright = {©2001 Springer-Verlag Berlin Heidelberg},
	isbn = {978-3-540-41525-1, 978-3-540-44424-4},
	language = {en},
	number = {568},
}

@article{leukart_identification_2006,
	title = {Identification and Interpretation of Microplane Material Laws},
	author = {Leukart, M. and Ramm, E.},
	volume = {132},
	issn = {0733-9399},
	number = {3},
	journal = {Journal of Engineering Mechanics},
	year = {2006},
	pages = {295--305},
}

@article{cusatis_spectral_2008,
	title = {Spectral Stiffness Microplane Model for Quasibrittle Composite Laminates {Part} {I}: {Theory}},
	volume = {75},
	issn = {0021-8936},
	number = {2},
	journal = {Journal of Applied Mechanics},
	author = {Cusatis, G. and Beghini, A. and Ba{\v z}ant, Z. P.},
	month = feb,
	year = {2008},
}

@article{wang_modified_2011,
	title = {Modified Microplane Model for Reinforced Concrete under Static and Dynamic Loadings},
	volume = {137},
	issn = {0733-9399, 1943-7889},
	language = {en},
	number = {10},
	journal = {Journal of Engineering Mechanics},
	author = {Wang, J. and Ou, B. and Jia, M. and Cheng, W.},
	month = oct,
	year = {2011},
	pages = {635--647},
}

@manual{abaqus_umat_2011,
  title        = {{ABAQUS} User Subroutines Reference Manual, {Version} 6.11},
  organization = {Dassault {Syst\`{e}mes} {Simulia} {Corp.}},
  address      = {Providence, {RI}, {USA}},
  year         = 2011,
}

@manual{abaqus_user_2011,
  title        = {{ABAQUS} Analysis User's Manual, {Volume IV}: {Elements}, {Version} 6.11},
  organization = {Dassault {Syst\`{e}mes} {Simulia} {Corp.}},
  address      = {Providence, {RI}, {USA}},
  year         = 2011,
}

@misc{simvisage_2011,
  title = {{Simvisage}: {Simulation} environment for the research and development of cementitious composite materials},
  howpublished = "\url{http://github.com/simvisage}",
  year = {2011}, 
}

@manual{rilem_test_2014,
  title        = {{Test} methods and design of {Textile} {Reinforced} {Concrete}: {Uniaxial} tensile test
- {Test} method to determine the load bearing behavior of tensile specimens made of {Textile} {Reinforced} {Concrete} {(Draft)}},
  author = {{RILEM} {TC} 232-{TDT}},
  organization = {Prepared by W. Brameshuber},
  month = jun,
  year = {2015},
}

@incollection{finzel_textile_2010,
	author = {Finzel, J. and H{\"a}u{\ss}ler-Combe, U.},
	title = {{Textile} {Reinforced} {Concrete} sandwich panels: {Bending} tests and numerical analyses},
	editor = {Bi\'{c}ani\'{c} and de Borst and Mang and Meschke},
	booktitle = {Computational {Modelling} of {Concrete} {Structures} {(EURO-C~2010)}},
	publisher = {CRC Press},
	month = mar,
	year = {2010},
	pages = {789--795},
	isbn = {978-0-415-58479-1 978-0-203-84833-3},
}

@article{rypl_brittle_2013,
	title = {Brittle matrix composites with heterogeneous reinforcement: {Multi-scale} model of a crack bridge with rigid matrix},
	journal = {Composites Science and Technology},
	volume = {89},
	pages = {98 -- 109},
	year = {2013},
	issn = {0266-3538},
	author = {Rypl, R. and Chudoba, R. and Scholzen, A. and Vo{\v r}echovsk{\'y}, M.}
}

@article{hartig_influence_2012,
	title = {Influence of experimental setups on the apparent uniaxial tensile load-bearing capacity of {Textile} {Reinforced} {Concrete} specimens},
	volume = {45},
	issn = {1359-5997, 1871-6873},
	language = {en},
	number = {3},
	journal = {Materials and Structures},
	author = {Hartig, J. and Jesse, F. and Schicktanz, K. and H\"au{\ss}ler-Combe, U.},
	month = mar,
	year = {2012},
	pages = {433--446}
}

@incollection{li_analysisc_2015,
	author = {Li, Y. and Chudoba, R. and Sad\'{i}lek, V. and Rypl, R. and Vo\v{r}echovsk\'{y}, M.},
	title = {Analysis of the tensile response of {Textile} {Reinforced} {Concrete} using digital image correlation technique combined with multi-scale stochastic modelling},
	editor = {Brameshuber, W.},
	booktitle = {11th International Symposium on Ferrocement {(FERRO-11)} and 3rd International Conference on {Textile} {Reinforced} {Concrete} {(ICTRC-3)}},
	publisher = {RILEM Publications S.A.R.L.},
	month = jun,
	year = {2015},
	pages = {141--148}
}

@article{konrad_tensile_2009,
	title = {Tensile Behavior of Cementitious Composite Reinforced with Epoxy Impregnated Multifilament Yarns},
	volume = {7},
	issn = {1543-1649},
	language = {en},
	number = {2},
	journal = {International Journal for Multiscale Computational Engineering},
	author = {Konrad, M. and Chudoba, R.},
	year = {2009},
	pages = {115--133}
}

@incollection{steinigen_numerical_2006,
	author = {Steinigen, F. and M\"oller, B. and Graf, W. and Hoffmann, A.},
	title = {Numerical simulation of {Textile} {Reinforced} {Concrete} considering dynamic loading processes},
	editor = {Hegger J. and Brameshuber W. and Will N.},
	booktitle = {1st International RILEM Conference on Textile Reinforced Concrete {(ICTRC~2006)}},
	publisher = {RILEM Publications S.A.R.L.},
	month = sep,
	year = {2006},
	pages = {275--283},
	isbn = {978-2-35158-008-0},
}

@article{kabele_multiscale_2007,
	title = {Multiscale framework for modeling of fracture in high performance fiber reinforced cementitious composites},
	volume = {74},
	issn = {00137944},
	language = {en},
	number = {1-2},
	journal = {Engineering Fracture Mechanics},
	author = {Kabele, P.},
	month = jan,
	year = {2007},
	pages = {194--209}
}

@article{kang_modeling_2014,
	title = {Modeling of fiber-reinforced cement composites: {Discrete} representation of fiber pullout},
	volume = {51},
	issn = {00207683},
	shorttitle = {Modeling of fiber-reinforced cement composites},
	language = {en},
	number = {10},
	journal = {International Journal of Solids and Structures},
	author = {Kang, J. and Kim, K. and Lim, Y. M. and Bolander, J. E.},
	month = may,
	year = {2014},
	pages = {1970--1979}
}

@article{verwimp_experimental_2015,
	title = {Experimental and numerical buckling analysis of a thin {TRC} dome},
	volume = {94},
	issn = {0263-8231},
	journal = {Thin-Walled Structures},
	author = {Verwimp, E. and Tysmans, T. and Mollaert, M. and Berg, S.},
	month = sep,
	year = {2015},
	keywords = {Buckling, Experimental investigation, finite elements, Modified Riks method, Shell structures, Textile reinforced concrete (TRC)},
	pages = {89--97},
}


@book{zienkiewicz_finite_2005,
	title = {The Finite Element Method for Solid and Structural Mechanics, Sixth Edition},
	isbn = {978-0-7506-6321-2},
	language = {English},
	author = {Zienkiewicz, O. and Taylor, R.},
	publisher = {Butterworth-Heinemann},
	month = sep,
	year = {2005}
}

@book{troxell_composition_1968,
	edition = {Second},
	title = {Composition and Properties of Concrete},
	publisher = {McGraw Hill},
	author = {Troxell, G. E. and Harmer, E. D. and Joe, W. K.},
	year = {1968}
}

@article{hegger_pedestrian_2011,
	title = {A Pedestrian Bridge Made of {Textile} {Reinforced} {Concrete}},
	volume = {106},
	issn = {2221-3783},
	number = {2},
	journal = {Beton und Stahlbetonbau},
	author = {Hegger, J. and Goralski, C. and Kulas, C.},
  month = feb,
	year = {2011},
	pages = {64--71},
}

@article{hegger_investigations_2008,
	title = {Investigations on the bearing behaviour and application potential of {Textile} {Reinforced} {Concrete}},
	volume = {30},
	issn = {0141-0296},
	number = {7},
	journal = {Engineering Structures},
	author = {Hegger, J. and Voss, S.},
	month = jul,
	year = {2008},
	pages = {2050--2056},
}

@article{hegger_loadbearing_2006,
	title = {Load–bearing behaviour and simulation of {Textile} {Reinforced} {Concrete}},
	volume = {39},
	issn = {1359-5997, 1871-6873},
	language = {en},
	number = {8},
	journal = {Materials and Structures},
	author = {Hegger, J. and Will, N. and Bruckermann, O. and Voss, S.},
	month = jul,
	year = {2006},
	pages = {765--776},
}

@article{hegger_tragverhalten_2011,
	title = {Load-Bearing Behavior and Durability of a Slender {Textile} {Reinforced} {Concrete} Bridge},
	volume = {106},
	issn = {1437-1006},
	language = {en},
	number = {2},
	journal = {Beton- und Stahlbetonbau},
	author = {Hegger, J. and Kulas, C. and Raupach, M. and B\"uttner, T.},
	month = feb,
	year = {2011},
	pages = {72--80},
}

@article{ruhnau_2016,
	title = {Hauchd\"{u}nn, {B}eton im {B}esonderen: {P}avillon aus {T}extilbeton an der {RWTH} {A}achen},
	volume = {10},
	issn = {0721-1902},
	journal = {Deutsche {B}auzeitung},
	author = {Ruhnau, D.},
	month = oct,
	year = {2015},
	keywords = {},
	pages = {74--77},
}

@article{esposito_multiscale_2016,
	title = {A multiscale micromechanical approach to model the deteriorating impact of alkali-silica reaction on concrete},
	journal = {Cement and Concrete Composites},
	volume = {70},
	pages = {139--152},
	year = {2016},
	issn = {0958-9465},
	author = {Esposito, R. and Hendriks, M.A.N.},
}

@article{hillerborg_analysis_1976,
	title = {Analysis of crack formation and crack growth in concrete by means of fracture mechanics and finite elements},
	volume = {6},
	issn = {0008-8846},
	number = {6},
	journal = {Cement and Concrete Research},
	author = {Hillerborg, A. and Mod{\'e}er, M. and Petersson, P. -E.},
	month = nov,
	year = {1976},
	pages = {773--781},
}

@article{borst_discrete_2004,
	title = {Discrete vs smeared crack models for concrete fracture: bridging the gap},
	volume = {28},
	issn = {1096-9853},
	language = {en},
	number = {7-8},
	journal = {International Journal for Numerical and Analytical Methods in Geomechanics},
	author = {Borst, R. de and Remmers, J. C. and Needleman, A. and Abellan, M.},
	year = {2004},
	pages = {583--607},
}

@inproceedings{jendele_choice_2001,
  author = {Jendele, L.  and Cervenka, V. and  Saouma, V. and Pukl, R.},
  title = {On the choice between discrete or smeared approach in practical structural FE analyses of concrete structures},
  pages = {203--220},
  booktitle = {Preceedings of the 4th International Conference on Analysis of Discontinuous Deformation (ICADD-4)},
  editor = {Nenad Bi{\'c}ani{\'c}},
  address = {Glasgow, Scotland, UK},
  year = {2001},
  month = {6}
}

@article{rilem_determination_1985,
	title={Draft recommendation: ''Determination of the fracture energy of mortar and concrete by means of three-point bend tests on notched beams''},
	author = {RILEM TCS},
	journal={Materials and Structures},
	year={1985},
	volume={18},
	number={6},
	pages={484--484},
	issn={1871-6873},
}

@article{petersson_crack_1981,
	title = {Crack growth and development of fracture zones in plain concrete and similar materials},
	journal = {Report TVBM 1006, Lund University},
	author = {Petersson, P. E.},
	year = {1981},
}

@article{kormeling_crack_1981,
	title = {Determination of the fracture energy of normal concrete and epoxy modified concrete},
	journal = {Technical Report 5-83-18, Stevin Lab, Delft University of Technology},
	author = {Kormeling, H. A. and Reinhardt, H. W.},
	year = {1983},
}

@article{nooru_mixed_1992,
	title = {Mixed-mode fracture of concrete: An experimental approach},
	journal = {Technical Report 2064, Delft University of Technology, Netherlands},
	author = {Nooru-Mohamed, M. B.},
	year = {1992},
}

@article{bobinski_modelling_2005,
	title = {Modelling of {Concrete} {Behaviour} with a {Non}-{Local} {Continuum} {Damage} {Approach}},
	volume = {52},
	issn = {1231-3726},
	pages={243--263},
	number = {3},
	journal = {Archives of Hydro-Engineering and Environmental Mechanics},
	author = {Bobi{\'n}ski, J. and Tejchman, J.},
	month = sep,
	year = {2005},
}

@article{grassl_cdpm2_2013,
	title = {{CDPM}2: {A} damage-plasticity approach to modelling the failure of concrete},
	volume = {50},
	issn = {0020-7683},
	number = {24},
	journal = {International Journal of Solids and Structures},
	author = {Grassl, P. and Xenos, D. and Nystr{\"o}m, U. and Rempling, R. and Gylltoft, K.},
	month = nov,
	year = {2013},
	pages = {3805--3816},
}

@incollection{carol_smeared_1991,
	author = {Carol, I. and Prat, P. C.},
	title = {Smeared Analysis of Concrete Fracture Using a Microplane Based Multicrack Model with Static Constraint},
	editor = {van Mier, J.G.M. and Rots, J. G. and Bakker A.},
	booktitle = {Fracture processes in concrete, rock and ceramics, Noordwijk, The Netherlands},
	publisher = {E \& FN SPON},
	year = {1991},
	pages = {619--628},	
}

% Nooru-Mohamed simulations
@article{gasser_3d_2006,
	series = {John {H}. {Argyris} {Memorial} {Issue}. {Part} {I}},
	title = {3D {Crack} propagation in unreinforced concrete.: {A} two-step algorithm for tracking 3D crack paths},
	volume = {195},
	issn = {0045-7825},
	number = {37-40},
	journal = {Computer Methods in Applied Mechanics and Engineering},
	author = {Gasser, T. C. and Holzapfel, G. A.},
	month = jul,
	year = {2006},
	keywords = {3D crack propagation, PUFEM, Tracking algorithm, Unreinforced concrete},
	pages = {5198--5219},
}

@article{pivonka_comparative_2004,
	title = {Comparative studies of 3D-constitutive models for concrete: application to mixed-mode fracture},
	volume = {60},
	issn = {1097-0207},
	language = {en},
	number = {2},
	urldate = {2015-01-07},
	journal = {International Journal for Numerical Methods in Engineering},
	author = {Pivonka, P. and O{\v z}bolt, J. and Lackner, R. and Mang, H. A.},
	year = {2004},
	pages = {549--570},
}

@article{ozbolt_numerical_2002,
	title = {Numerical study of mixed-mode fracture in concrete},
	volume = {118},
	issn = {0376-9429, 1573-2673},
	language = {en},
	number = {2},
	journal = {International Journal of Fracture},
	author = {O{\v z}bolt, J. and Reinhardt, H. W.},
	month = nov,
	year = {2002},
	pages = {145--162},
}

@article{caner_microplane_2013_i,
	title = {Microplane {Model} {M}7 for {Plain} {Concrete}. {I}: {Formulation}},
	volume = {139},
	issn = {0733-9399},
	urldate = {2016-12-07},
	journal = {Journal of Engineering Mechanics},
	author = {Caner, F. C. and Ba{\v z}ant, Z. P.},
	year = {2013},
	pages = {1714--1723},
}

@article{caner_microplane_2013_ii,
	title = {Microplane {Model} {M}7 for {Plain} {Concrete}. {II}: {Calibration} and {Verification}},
	volume = {139},
	issn = {0733-9399},
	number = {12},
	urldate = {2016-12-07},
	journal = {Journal of Engineering Mechanics},
	author = {Caner, F. C. and Ba{\v z}ant, Z. P.},
	year = {2013},
	pages = {1724--1735},
}

@article{patzak_adaptive_2004,
	title = {Adaptive {Resolution} of {Localized} {Damage} in {Quasi}-brittle {Materials}},
	volume = {130},
	issn = {0733-9399},
	number = {6},
	journal = {Journal of Engineering Mechanics},
	author = {Patz\'{a}k, B. and Jir\'{a}sek, M.},
	year = {2004},
	pages = {720--732},
}

@article{cervera_smeared_2006,
	title = {Smeared crack approach: back to the original track},
	volume = {30},
	copyright = {Copyright © 2006 John Wiley \& Sons, Ltd.},
	issn = {1096-9853},
	language = {en},
	number = {12},
	journal = {International Journal for Numerical and Analytical Methods in Geomechanics},
	author = {Cervera, M. and Chiumenti, M.},
	year = {2006},
	pages = {1173--1199},
}

@article{meschke_energy_2007,
	title = {Energy-based modeling of cohesive and cohesionless cracks via {X}-{FEM}},
	volume = {196},
	issn = {0045-7825},
	number = {21-24},
	journal = {Computer Methods in Applied Mechanics and Engineering},
	author = {Meschke, G. and Dumstorff, P.},
	month = apr,
	year = {2007},
	pages = {2338--2357},
}

@article{stark_sandwich_2016,
	title = {Sandwich Elements Made of UHPC and Foamed Polyurethane},
	volume = {111},
	issn = {1437-1006},
	language = {de},
	number = {12},
	urldate = {2017-05-02},
	journal = {Beton- und Stahlbetonbau},
	author = {Stark, Alexander and Kueres, Dominik and Hegger, Josef},
	month = dec,
	year = {2016},
	pages = {816--827},
}

@article{dafstb_2011,
  title = {Richtlinie Stahlfaserbeton - Erg{\"a}nzungen und {\"A}nderungen zur DIN 1045, Teil 1 bis 3 und DIN EN 206-1, Beuth Verlag, Berlin},
  author = {DAfStb},
  year = {2011},
}

@article{rilem_test_2002,
	title = {Test and design methods for steel fibre reinforced concrete: bending test, RILEM Publications SARL},
	author = {RILEM-TC-162-TDF},
	month = nov,
	year = {2002},
}
