
@article{caner2002vertex,
  title={Vertex effect in strain-softening concrete at rotating principal axes},
  author={Caner, Ferhun C and Ba{\v{z}}ant, Zden{\v{e}}k P and {\v{C}}ervenka, Jan},
  journal={Journal of engineering mechanics},
  volume={128},
  number={1},
  pages={24--33},
  year={2002},
  publisher={American Society of Civil Engineers}
}

@incollection{willam1989fundamental,
  title={Fundamental issues of smeared crack models},
  author={Willam, Kaspar and Pramono, Eddy and Sture, Stein},
  booktitle={Fracture of concrete and rock},
  pages={142--157},
  year={1989},
  publisher={Springer}
}

@article{de2008bond,
  title={Bond-slip behavior of self-compacting concrete and vibrated concrete using pull-out and beam tests},
  author={de Almeida Filho, Fernando Menezes and Mounir, K and El Debs, Ana L{\'u}cia HC},
  journal={Materials and Structures},
  volume={41},
  number={6},
  pages={1073--1089},
  year={2008},
  publisher={Springer}
}
