
@article{pivonka_comparative_2004,
	title = {Comparative studies of 3D-constitutive models for concrete: application to mixed-mode fracture},
	volume = {60},
	issn = {0029-5981, 1097-0207},
	shorttitle = {Comparative studies of 3D-constitutive models for concrete},
	url = {http://doi.wiley.com/10.1002/nme.975},
	doi = {10.1002/nme.975},
	language = {en},
	number = {2},
	urldate = {2017-02-17},
	journal = {International Journal for Numerical Methods in Engineering},
	author = {Pivonka, P. and Ožbolt, J. and Lackner, R. and Mang, H. A.},
	month = may,
	year = {2004},
	pages = {549--570}
}

@article{isla_analysis_2015,
	title = {Analysis of steel fibers pull-out. {Experimental} study},
	volume = {100},
	issn = {09500618},
	url = {http://linkinghub.elsevier.com/retrieve/pii/S0950061815303937},
	doi = {10.1016/j.conbuildmat.2015.09.034},
	language = {en},
	urldate = {2017-05-15},
	journal = {Construction and Building Materials},
	author = {Isla, Facundo and Ruano, Gonzalo and Luccioni, Bibiana},
	month = dec,
	year = {2015},
	pages = {183--193}
}

@article{bouazaoui_analysis_2008,
	title = {Analysis of steel/concrete interfacial shear stress by means of pull out test},
	volume = {28},
	issn = {01437496},
	url = {http://linkinghub.elsevier.com/retrieve/pii/S014374960700053X},
	doi = {10.1016/j.ijadhadh.2007.02.006},
	language = {en},
	number = {3},
	urldate = {2017-05-15},
	journal = {International Journal of Adhesion and Adhesives},
	author = {Bouazaoui, L. and Li, A.},
	month = apr,
	year = {2008},
	pages = {101--108}
}

@article{gambarova_bond_1996,
	title = {Bond and splitting in reinforced concrete: test results on bar pull-out},
	volume = {29},
	shorttitle = {Bond and splitting in reinforced concrete},
	url = {http://www.springerlink.com/index/WW33N50WM8268650.pdf},
	language = {en},
	number = {5},
	urldate = {2017-05-15},
	journal = {Materials and Structures},
	author = {Gambarova, Pietro G. and Rosati, GianPaolo},
	year = {1996},
	pages = {267--276}
}

@article{torre-casanova_confinement_2013,
	title = {Confinement effects on the steel–concrete bond strength and pull-out failure},
	volume = {97},
	issn = {00137944},
	url = {http://linkinghub.elsevier.com/retrieve/pii/S0013794412004109},
	doi = {10.1016/j.engfracmech.2012.10.013},
	language = {en},
	urldate = {2017-05-15},
	journal = {Engineering Fracture Mechanics},
	author = {Torre-Casanova, A. and Jason, L. and Davenne, L. and Pinelli, X.},
	month = jan,
	year = {2013},
	pages = {92--104}
}

@article{baena_experimental_2009,
	title = {Experimental study of bond behaviour between concrete and {FRP} bars using a pull-out test},
	volume = {40},
	issn = {13598368},
	url = {http://linkinghub.elsevier.com/retrieve/pii/S1359836809001498},
	doi = {10.1016/j.compositesb.2009.07.003},
	language = {en},
	number = {8},
	urldate = {2017-05-15},
	journal = {Composites Part B: Engineering},
	author = {Baena, Marta and Torres, Lluís and Turon, Albert and Barris, Cristina},
	month = dec,
	year = {2009},
	pages = {784--797}
}

@article{yoo_fiber_2017,
	title = {Fiber pullout behavior of {HPFRCC}: {Effects} of matrix strength and fiber type},
	volume = {174},
	issn = {02638223},
	shorttitle = {Fiber pullout behavior of {HPFRCC}},
	url = {http://linkinghub.elsevier.com/retrieve/pii/S0263822317306463},
	doi = {10.1016/j.compstruct.2017.04.064},
	language = {en},
	urldate = {2017-05-15},
	journal = {Composite Structures},
	author = {Yoo, Doo-Yeol and Park, Jung-Jun and Kim, Sung-Wook},
	month = aug,
	year = {2017},
	pages = {263--276}
}

@article{roy_influence_2017,
	title = {Influence of volume fraction and orientation of fibers on the pullout behavior of reinforcement bar embedded in ultra high performance concrete},
	volume = {146},
	issn = {09500618},
	url = {http://linkinghub.elsevier.com/retrieve/pii/S0950061817307328},
	doi = {10.1016/j.conbuildmat.2017.04.081},
	language = {en},
	urldate = {2017-05-15},
	journal = {Construction and Building Materials},
	author = {Roy, Manish and Hollmann, Corey and Wille, Kay},
	month = aug,
	year = {2017},
	pages = {582--593}
}

@article{chaallal_pullout_1993,
	title = {Pullout and bond of glass-fibre rods embedded in concrete and cement grout},
	volume = {26},
	url = {http://link.springer.com/article/10.1007/BF02472934},
	number = {3},
	urldate = {2017-05-15},
	journal = {Materials and structures},
	author = {Chaallal, Omar and Benmokrane, B.},
	year = {1993},
	pages = {167--175}
}

@article{baran_pull-out_2012,
	title = {Pull-out behavior of prestressing strands in steel fiber reinforced concrete},
	volume = {28},
	issn = {09500618},
	url = {http://linkinghub.elsevier.com/retrieve/pii/S0950061811004739},
	doi = {10.1016/j.conbuildmat.2011.08.040},
	language = {en},
	number = {1},
	urldate = {2017-05-15},
	journal = {Construction and Building Materials},
	author = {Baran, Eray and Akis, Tolga and Yesilmen, Seda},
	month = mar,
	year = {2012},
	pages = {362--371}
}

@article{tuyan_pull-out_2012,
	title = {Pull-out behavior of single steel fiber from {SIFCON} matrix},
	volume = {35},
	issn = {09500618},
	url = {http://linkinghub.elsevier.com/retrieve/pii/S0950061812003121},
	doi = {10.1016/j.conbuildmat.2012.04.110},
	language = {en},
	urldate = {2017-05-15},
	journal = {Construction and Building Materials},
	author = {Tuyan, Murat and Yazıcı, Halit},
	month = oct,
	year = {2012},
	pages = {571--577}
}

@article{alberti_pull-out_2016,
	title = {Pull-out behaviour and interface critical parameters of polyolefin fibres embedded in mortar and self-compacting concrete matrixes},
	volume = {112},
	issn = {09500618},
	url = {http://linkinghub.elsevier.com/retrieve/pii/S0950061816301878},
	doi = {10.1016/j.conbuildmat.2016.02.128},
	language = {en},
	urldate = {2017-05-15},
	journal = {Construction and Building Materials},
	author = {Alberti, M.G. and Enfedaque, A. and Gálvez, J.C. and Ferreras, A.},
	month = jun,
	year = {2016},
	pages = {607--622}
}

@article{williams_portal_pull-out_2014,
	title = {Pull-out of textile reinforcement in concrete},
	volume = {71},
	issn = {09500618},
	url = {http://linkinghub.elsevier.com/retrieve/pii/S0950061814009167},
	doi = {10.1016/j.conbuildmat.2014.08.014},
	language = {en},
	urldate = {2017-05-15},
	journal = {Construction and Building Materials},
	author = {Williams Portal, Natalie and Fernandez Perez, Ignasi and Nyholm Thrane, Lars and Lundgren, Karin},
	month = nov,
	year = {2014},
	pages = {63--71}
}

@article{lee_twin-twist_2017,
	title = {Twin-twist effect of fibers on the pullout resistance in cementitious materials},
	volume = {146},
	issn = {09500618},
	url = {http://linkinghub.elsevier.com/retrieve/pii/S0950061817307973},
	doi = {10.1016/j.conbuildmat.2017.04.147},
	language = {en},
	urldate = {2017-05-15},
	journal = {Construction and Building Materials},
	author = {Lee, Jong-Han and Kighuta, Kabuyaya},
	month = aug,
	year = {2017},
	pages = {555--562}
}

@article{chen_anchorage_2001,
	title = {Anchorage strength models for {FRP} and steel plates bonded to concrete},
	volume = {127},
	doi = {http://dx.doi.org/10.1061/(ASCE)0733-9445(2001)127:7(784)#sthash.eO3bFT72.dpuf},
	number = {7},
	journal = {Journal of Structural Engineering},
	author = {Chen, Jian Fei and Teng, JG},
	year = {2001},
	pages = {784--791}
}

@inproceedings{rao_studies_2004,
	title = {Studies on the pull-out strength of ribbed bars in high-strength concrete},
	volume = {5},
	url = {http://framcos.org/FraMCoS-6/295.pdf},
	urldate = {2017-05-15},
	booktitle = {proceeding, {FraMCos}-6 conference. {International} {Association} of {Fracture} {Mechanics} for {Concrete} and {Concrete} {Structures}. {Part}},
	author = {Rao, G. Appa and Sultana, F. and Pandurangan, K. and Eligehausen, R.},
	year = {2004},
	pages = {05--17}
}

@article{windisch_modified_1985,
	title = {A modified pull-out test and new evaluation methods for a more real local bond-slip relationship},
	volume = {18},
	url = {http://www.springerlink.com/index/N600370715751483.pdf},
	number = {3},
	urldate = {2017-05-15},
	journal = {Materials and Structures},
	author = {Windisch, A.},
	year = {1985},
	pages = {181--184}
}

@article{brantschen_bond_2016,
	title = {Bond behaviour of straight, hooked, {U}-shaped and headed bars in cracked concrete},
	volume = {17},
	issn = {14644177},
	url = {http://doi.wiley.com/10.1002/suco.201500199},
	doi = {10.1002/suco.201500199},
	language = {en},
	number = {5},
	urldate = {2017-05-15},
	journal = {Structural Concrete},
	author = {Brantschen, F. and Faria, D.M.V. and Fernández Ruiz, M. and Muttoni, A.},
	month = dec,
	year = {2016},
	pages = {799--810}
}

@article{dai_development_2005,
	title = {Development of the {Nonlinear} {Bond} {Stress}–{Slip} {Model} of {Fiber} {Reinforced} {Plastics} {Sheet}–{Concrete} {Interfaces} with a {Simple} {Method}},
	volume = {9},
	issn = {1090-0268, 1943-5614},
	url = {http://ascelibrary.org/doi/10.1061/%28ASCE%291090-0268%282005%299%3A1%2852%29},
	doi = {10.1061/(ASCE)1090-0268(2005)9:1(52)},
	language = {en},
	number = {1},
	urldate = {2017-05-15},
	journal = {Journal of Composites for Construction},
	author = {Dai, Jianguo and Ueda, Tamon and Sato, Yasuhiko},
	month = feb,
	year = {2005},
	pages = {52--62}
}

@article{pecce_experimental_2001,
	title = {Experimental and {Analytical} {Evaluation} of {Bond} {Properties} of {GFRP} {Bars}},
	volume = {13},
	issn = {0899-1561, 1943-5533},
	url = {http://ascelibrary.org/doi/10.1061/%28ASCE%290899-1561%282001%2913%3A4%28282%29},
	doi = {10.1061/(ASCE)0899-1561(2001)13:4(282)},
	language = {en},
	number = {4},
	urldate = {2017-05-15},
	journal = {Journal of Materials in Civil Engineering},
	author = {Pecce, M. and Manfredi, G. and Realfonzo, R. and Cosenza, E.},
	month = aug,
	year = {2001},
	pages = {282--290}
}

@article{jansson_bond_2012,
	title = {Bond of reinforcement in self-compacting steel-fibre-reinforced concrete},
	volume = {64},
	issn = {0024-9831, 1751-763X},
	url = {http://www.icevirtuallibrary.com/doi/10.1680/macr.11.00091},
	doi = {10.1680/macr.11.00091},
	language = {en},
	number = {7},
	urldate = {2017-05-15},
	journal = {Magazine of Concrete Research},
	author = {Jansson, Anette and Lofgren, Ingemar and Lundgren, Karin and Gylltoft, Kent},
	month = jul,
	year = {2012},
	pages = {617--630}
}

@article{yuan_full-range_2004,
	title = {Full-range behavior of {FRP}-to-concrete bonded joints},
	volume = {26},
	issn = {01410296},
	url = {http://linkinghub.elsevier.com/retrieve/pii/S0141029603002967},
	doi = {10.1016/j.engstruct.2003.11.006},
	language = {en},
	number = {5},
	urldate = {2017-05-16},
	journal = {Engineering Structures},
	author = {Yuan, H. and Teng, J.G. and Seracino, R. and Wu, Z.S. and Yao, J.},
	month = apr,
	year = {2004},
	pages = {553--565}
}